@book{exampleReference,
 author = {Adam Eve},
 title = {Garden of Eden},
 publisher = {God},
 year = {6000 BC},
 address = {Up There ^^},
 isbn = {978-1-68050-038-7}
}
